@misc{1,
  doi = {10.1109/ieeestd.2012.6392842},
  url = {https://doi.org/10.1109/ieeestd.2012.6392842},
  publisher = {{IEEE}},
  title = {{IEEE} Standard for Information technology--Telecommunications and information exchange between systems--Local and metropolitan area networks--Specific requirements-Part 11: Wireless {LAN} Medium Access Control ({MAC}) and Physical Layer ({PHY}) Specifications Amendment 3: Enhancements for Very High Throughput in the 60 {GHz} Band}
}